@collection{AbramowitzStegun,
	editor = {Abramowitz, Milton and Stegun, Irene A.},
	title = {Handbook of Mathematical Functions},
	subtitle = {With Formulas, Graphs, and Mathematical Tables},
	year = {1972},
	isbn = {978-0-486-61272-0},
	publisher = {Dover Publications},
	location = {New York, NY, USA},
	note = {Unabridged and unaltered republication of the work originally published by the National Bureau of Standards in 1964, 8th Dover printing},
}



@article{Adhikari2011a,
	author = {Adhikari, Bibhas and Alam, Rafikul},
	title = {On backward errors of structured polynomial eigenproblems solved by structure preserving linearizations},
	journal = {Linear Algebra and its Applications},
	volume = {434},
	number = {9},
	year = {2011},
	pages = {1989--2017},
	issn = {0024-3795},
	doi = {10.1016/j.laa.2010.12.014},
}



@article{Adhikari2011b,
	author = {Adhikari, Bibhas and Alam, Rafikul and Kressner, Daniel},
	title = {Structured eigenvalue condition numbers and linearizations for matrix polynomials},
	journal = {Linear Algebra and its Applications},
	volume = {435},
	number = {9},
	year = {2011},
	pages = {2193--2221},
	issn = {0024-3795},
	doi = {10.1016/j.laa.2011.04.020},
}



@article{Arbenz2005,
	author = {Arbenz, Peter and Hetmaniuk, Ulrich L. and Lehoucq, Richard B. and Tuminaro, Raymond S.},
	title = {A comparison of eigensolvers for large-scale 3D modal analysis using {AMG}-preconditioned iterative methods},
	journal = {International Journal for Numerical Methods in Engineering},
	volume = {64},
	number = {2},
	year = {2005},
	pages = {204--236},
	issn = {1097-0207},
	doi = {10.1002/nme.1365},
}



@book{arpack,
	title = {{ARPACK} User's Guide},
	subtitle = {Solution of Large-Scale Eigenvalue Problems with Implicitly Restarted Arnoldi Methods},
	series = {Software, Environments and Tools},
	editor = {Lehoucq, Richard B. and Sorensen, D. C. and Yang, C.},
	year = {1998},
	isbn = {978-0-89871-407-4},
	doi = {10.1137/1.9780898719628},
	publisher = {Society for Industrial and Applied Mathematics},
	location = {Philadelphia, PA, USA},
}



@article{Avron2011,
	author = {Avron, Haim and Toledo, Sivan},
	title = {Randomized algorithms for estimating the trace of an implicit symmetric positive semi-definite matrix},
	journal = {Journal of the {ACM}},
	volume = {58},
	number = {2},
	year = {2011},
	doi = {10.1145/1944345.1944349},
}



@report{Bai1992,
	author = {Bai, Zhaojun},
	title = {The {CSD}, {GSVD}, Their Applications and Computations},
	year = {1992},
	eprinttype = {hdl}, eprint = {11299/1875},
	school = {University of Minnesota},
	type = {{IMA} Preprint Series},
	number = {958},
	location = {Minneapolis, MN, USA},
}



@article{Bai1993,
	author = {Bai, Zhaojun and Zha, Hongyuan},
	title = {A New Preprocessing Algorithm for the Computation of the Generalized Singular Value Decomposition},
	journal = {{SIAM} Journal on Scientific Computing},
	volume = {14},
	number = {4},
	year = {1993},
	pages = {1007--1012},
	issn = {1064-8275},
	doi = {10.1137/0914060},
}



@book{Bathe1996,
	author = {Bathe, Klaus-Jürgen},
	title = {Finite Element Procedures},
	year = {1996},
	isbn = {978-0-13-301458-7},
	publisher = {Prentice-Hall},
	location = {Upper Saddle River, NJ, USA},
}



@article{Bennighof2004,
	author = {Bennighof, Jeffrey K. and Lehoucq, Richard B.},
	title = {An Automated Multilevel Substructuring Method for Eigenspace Computation in Linear Elastodynamics},
	journal = {{SIAM} Journal on Scientific Computing},
	volume = {25},
	number = {6},
	year = {2004},
	pages = {2084--2106},
	issn = {1064-8275},
	doi = {10.1137/S1064827502400650},
}



@article{Betcke2013,
	author = {Betcke, Timo and Higham, Nicholas John and Mehrmann, Volker and Schröder, Christian and Tisseur, Françoise},
	title = {{NLEVP}: A Collection of Nonlinear Eigenvalue Problems},
	journal = {{ACM} Transactions on Mathematical Software},
	volume = {39},
	number = {2},
	year = {2013},
	pages = {7:1--7:28},
	issn = {0098-3500},
	doi = {10.1145/2427023.2427024},
}



@misc{Bradley2012,
	author = {Bradley, Andrew M. and Murray, Walter},
	title = {Matrix-Free Approximate Equilibration},
	year = {2012},
	eprinttype = {arxiv},
	eprintclass = {math.NA},
	eprint = {1110.2805v2},
	school = {Stanford University},
	location = {Stanford, CA, USA},
}



@misc{Buluc2015,
	author = {Buluç, Aydın and Meyerhenke, Henning and Safro, Ilya and Sanders, Peter and Schulz, Christian},
	title = {Recent Advances in Graph Partitioning},
	year = {2015},
	eprinttype = {arxiv},
	eprintclass = {cs.DS},
	eprint = {1311.3144v3},
}



@article{Brunthaler1985,
	author = {Brunthaler, Stefan},
	title = {Konstruktion von Anwendersoftware in Analogie zum Methodischen Konstruieren},
	journal = {Konstruktion},
	volume = {7},
	number = {7--12},
	year = {1985},
	issn = {0720-5953},
	language = {german},
}



@inproceedings{Conrads2016,
	author = {Conrads, Christoph and Mehrmann, Volker and Międlar, Agnieszka},
	title = {Adaptive numerical solution of eigenvalue problems arising from finite element models},
	subtitle = {{AMLS} vs. {AFEM}},
	booktitle = {A Panorama of Mathematics},
	booksubtitle = {Pure and Applied},
	editor = {da Fonseca, Carlos M. and Huynh, Dinh Van and Kirkland, Steve and Tuan, Vu Kim},
	series = {Contemporary Mathematics},
	number = {658},
	year = {2016},
	pages = {197--226},
	isbn = {978-1-4704-1668-3},
	issn = {0271-4132},
	doi = {10.1090/conm/658/13127},
	publisher = {American Mathematical Society},
	location = {Providence, RI, USA},
}



@mastersthesis{ConradsMSc,
	author = {Conrads, Christoph},
	title = {Projection Methods for Generalized Eigenvalue Problems},
	year = {2016},
	url = {https://christoph-conrads.name/masters-thesis/},
	school = {Technische Universität Berlin},
	location = {Berlin, Germany},
}



@book{Cook2001,
	author = {Cook, Robert D. and Malkus, David S. and Plesha, Michael E. and Witt, Robert J.},
	title = {Concepts and Application of Finite Element Analysis},
	edition = {4},
	year = {2001},
	isbn = {978-0-471-35609-5},
	publisher = {John Wiley \& Sons, Inc.},
	location = {Hoboken, NJ, USA},
}



@book{Cormen2009,
	author = {Cormen, Thomas H. and Leiserson, Charles E. and Rivest, Ronald L. and Stein, Clifford},
	title = {Introduction to Algorithms},
	edition = {3},
	year = {2009},
	isbn = {978-0-262-03384-8},
	publisher = {MIT Press},
	location = {Boston, MA, USA},
}



@book{Courant1953,
	author = {Courant, Richard and Hilbert, David},
	title = {Methods of Mathematical Physics},
	volume = {1},
	year = {1953},
	isnb = {978-0-471-50447-4},
	publisher = {Interscience Publishers, Inc.},
	location = {New York, NY, USA},
}



@article{Craig1968,
	author = {Craig, Jr., Roy R. and Bampton, Mervyn C. C.},
	title = {Coupling of Substructures for Dynamic Analyses},
	journal = {{AIAA} Journal},
	volume = {6},
	number = {7},
	year = {1968},
	pages = {1313--1319},
	issn = {0001-1452},
	doi = {10.2514/3.4741},
}



@book{Davis2006,
	author = {Davis, Timothy A.},
	title = {Direct Methods for Sparse Linear Systems},
	series = {Fundamentals of Algorithms},
	year = {2006},
	isbn = {978-0-898716-13-9},
	doi = {10.1137/1.9780898718881},
	publisher = {Society for Industrial and Applied Mathematics},
	location = {Philadelphia, PA, USA},
}



@book{Demmel1997,
	author = {Demmel, James Weldon},
	title = {Applied Numerical Linear Algebra},
	year = {1997},
	isbn = {978-0-898713-89-3},
	publisher = {Society for Industrial and Applied Mathematics},
	location = {Philadelphia, PA, USA},
}



@phdthesis{Dhillon1997,
	author = {Dhillon, Inderjit S.},
	title = {A New $\mathcal{O}(n^2)$ Algorithm for the Symmetric Tridiagonal Eigenvalue/Eigenvector Problem},
	year = {1997},
	url = {http://www.cs.utexas.edu/users/inderjit/public_papers/thesis.pdf},
	school = {University of California, Berkeley},
	location = {Berkeley, CA, USA},
}



@article{DiNapoli2016,
	author = {Di Napoli, Edoardo and Polizzi, Eric and Saad, Yousef},
	title = {Efficient estimation of eigenvalue counts in an interval},
	journal = {Numerical Linear Algebra with Applications},
	volume = {23},
	number = {4},
	year = {2016},
	pages = {674--692},
	issn = {1099-1506},
	doi = {10.1002/nla.2048},
}



@article{Dolan2002,
	author = {Dolan, Elizabeth D. and Moré, Jorge J.},
	title = {Benchmarking optimization software with performance profiles},
	journal = {Mathematical Programming},
	volume = {91},
	number = {2},
	year = {2002},
	pages = {201--213},
	issn = {0025-5610},
	doi = {10.1007/s101070100263},
}



@article{Drmac2008,
	author = {Drmač, Zlatko and Bujanović, Zvonomir},
	title = {On the Failure of Rank-Revealing {QR} Factorization Software},
	subtitle = {A Case Study},
	journal = {{ACM} Transactions on Mathematical Software},
	volume = {35},
	number = {2},
	year = {2008},
	pages = {12:1--12:28},
	issn = {0098-3500},
	doi = {10.1145/1377612.1377616},
}



@article{Duff1989,
	author = {Duff, Iain and Grimes, Roger and Lewis, John},
	title = {Sparse Matrix Test Problems},
	journal = {{ACM} Transactions on Mathematics Software},
	volume = {15},
	number = {1},
	year = {1989},
	pages = {1--14},
	issn = {0098-3500},
	doi = {10.1145/62038.62043},
}



@techreport{Fischer1989,
	author = {Fischer, Bernd and Freund, Roland},
	title = {Chebychev Polynomials are Not Always Optimal},
	year = {1989},
	number = {89.17},
	institution = {Research Institute for Advanced Computer Science, {NASA} Ames Research Center},
	url = {http://ntrs.nasa.gov/archive/nasa/casi.ntrs.nasa.gov/19900014692.pdf},
}



@book{Fischer2010,
	author = {Fischer, Gerd},
	title = {Lineare Algebra},
	subtitle = {Eine Einführung für Studienanfänger},
	edition = {17},
	year = {2010},
	isbn = {978-3-8348-0996-4},
	doi = {10.1007/978-3-8348-9365-9},
	publisher = {Vieweg+Teubner},
	location = {Wiesbaden, Germany},
	language = {german},
}



@article{Fokkema1998,
	author = {Fokkema, Diederik R. and Sleijpen, Gerard L. G. and Van der Vorst, Henk A.},
	title = {Jacobi--Davidson Style {QR} and {QZ} Algorithms for the Reduction of Matrix Pencils},
	journal = {{SIAM} Journal on Scientific Computing},
	volume = {20},
	number = {1},
	year = {1998},
	pages = {94--125},
	issn = {1064-8275},
	doi = {10.1137/S1064827596300073},
}



@article{Francis1961,
	author = {Francis, John Guy Figgis},
	title = {The {QR} Transformation},
	subtitle = {A Unitary Analogue to the {LR} Transformation -- Part 1},
	journal = {The Computer Journal},
	volume = {4},
	number = {3},
	year = {1961},
	pages = {265--271},
	issn = {0010-4620},
	doi = {10.1093/comjnl/4.3.265},
}



@article{Gao2008,
	author = {Gao, Weiguo and Li, Xiaoye S. and Yang, Chao and Bai, Zhaojun},
	title = {An Implementation and Evaluation of the {AMLS} Method for Sparse Eigenvalue Problems},
	journal = {{ACM} Transactions on Mathematical Software},
	volume = {34},
	number = {4},
	year = {2008},
	pages = {20:1--20:28},
	articleno = {20},
	issn = {0098-3500},
	doi = {10.1145/1377596.1377600},
}



@article{Garvey2003,
	author = {Garvey, Seamus D. and Tisseur, Françoise and Friswell, Michael I. and Penny, John E. T. and Prells, Uwe},
	title = {Simultaneous tridiagonalization of two symmetric matrices},
	journal = {International Journal for Numerical Methods in Engineering},
	volume = {57},
	number = {12},
	year = {2003},
	pages = {1643--1660},
	issn = {1097-0207},
	doi = {10.1002/nme.733},
}



@article{Giraud2005,
	author = {Giraud, Luc and Langou, Julien and Rozložník, Miroslav and van den Eshof, Jasper},
	title = {Rounding error analysis of the classical {Gram-Schmidt} orthogonalization process},
	journal = {Numerische Mathematik},
	volume = {101},
	number = {1},
	year = {2005},
	pages = {87--100},
	issn = {0029-599X},
	doi = {10.1007/s00211-005-0615-4},
}



@article{Givoli2004,
	author = {Givoli, Dan and Barbone, Paul E. and Patlashenko, Igor},
	title = {Which are the important modes of a subsystem?},
	journal = {International Journal for Numerical Methods in Engineering},
	volume = {59},
	number = {12},
	year = {2004},
	pages = {1657--1678},
	issn = {1097-0207},
	doi = {10.1002/nme.935},
}



@article{George1973,
	author = {George, Alan},
	title = {Nested Dissection of a Regular Finite Element Mesh},
	journal = {{SIAM} Journal on Numerical Analysis},
	volume = {10},
	number = {2},
	year = {1973},
	pages = {345--363},
	issn = {0036-1429},
	doi = {10.1137/0710032},
}



@book{Golub2012,
	shorthand = {MC},
	author = {Golub, Gene H. and Van Loan, Charles F.},
	title = {Matrix Computations},
	edition = {4},
	year = {2012},
	isbn = {978-1-4214-0794-4},
	publisher = {Johns Hopkins University Press},
	location = {Baltimore, MD, USA},
}



@online{Grabowski2015,
	author = {Grabowski, Artur},
	title = {State of the art of random double generation},
	year = {2015},
	url = {http://www.blahonga.org/2015/04/state-of-art-of-random-double-generation.html},
}



@book{Grossmann2007,
	author = {Grossmann, Christian and Roos, Hans-Görg and Stynes, Martin},
	title = {Numerical Treatment of Partial Differential Equations},
	series = {Universitext},
	year = {2007},
	isbn = {978-3-540-71582-5},
	doi = {10.1007/978-3-540-71584-9},
	publisher = {Springer-Verlag},
	location = {Berlin, Germany},
	note = {Translated and revised from the 3rd (2005) German edition by Martin Stynes},
}



@misc{Hammarling2007,
	author = {Hammarling, Sven and Higham, Nicholas John and Lucas, Craig},
	title = {{LAPACK}-Style Codes for Pivoted {C}holesky and {QR} Updating},
	year = {2007},
	eprinttype = {mims}, eprint = {689},
	school = {The University of Manchester},
	location = {Manchester, UK},
}



@incollection{Hetmaniuk2007,
	author = {Hetmaniuk, Ulrich L. and Lehoucq, Richard B.},
	title = {Multilevel Methods for Eigenspace Computations in Structural Dynamics},
	booktitle = {Domain Decomposition Methods in Science and Engineering XVI},
	editor = {Widlund, Olof B. and Keyes, David E.},
	series = {Lecture Notes in Computational Science and Engineering},
	number = {55},
	year = {2007},
	pages = {103--113},
	isbn = {978-3-540-34468-1},
	doi = {10.1007/978-3-540-34469-8_9},
	publisher = {Springer-Verlag},
	location = {Berlin, Germany},
}



@article{Higham1998,
	author = {Higham, Desmond John and Higham, Nicholas John},
	title = {Structured Backward Error and Condition of Generalized Eigenvalue Problems},
	journal = {{SIAM} Journal on Matrix Analysis and Applications},
	volume = {20},
	number = {2},
	year = {1998},
	issn = {0895-4798},
	pages = {493--512},
	doi = {10.1137/S0895479896313188},
	eprinttype = {mims}, eprint = {343},
}



@book{Higham2002,
	shorthand = {ASNA},
	author = {Higham, Nicholas J.},
	title = {Accuracy and Stability of Numerical Algorithms},
	edition = {2},
	year = {2002},
	isbn = {978-0-89871-521-7},
	doi = {10.1137/1.9780898718027},
	publisher = {Society for Industrial and Applied Mathematics},
	location = {Philadelphia, PA, USA},
}



@book{Horn2012,
	title = {Matrix Analysis},
	author = {Horn, Roger A. and Johnson, Charles R.},
	edition = {2},
	year = {2012},
	isbn = {978-0-521-54823-6},
	publisher = {Cambridge University Press},
	location = {New York, NY, USA},
}



@article{Hutchinson1990,
	author = {Hutchinson, Michael F.},
	title = {A stochastic estimator of the trace of the influence matrix for laplacian smoothing splines},
	journal = {Communications in Statistics: Simulation and Computation},
	volume = {19},
	number = {2},
	year = {1990},
	pages = {433--450},
	issn = {0361-0918},
	doi = {10.1080/03610919008812866},
}



@article{Jeannerod2013,
	author = {Jeannerod, Claude-Pierre and Rump, Siegfried M.},
	title = {Improved Error Bounds for Inner Products in Floating-Point Arithmetic},
	journal = {{SIAM} Journal on Matrix Analysis and Applications},
	volume = {34},
	number = {2},
	year = {2013},
	pages = {338--344},
	issn = {0895-4798},
	doi = {10.1137/120894488},
}



@article{Jung1999a,
	author = {Jung, Hyung-Jo and Kim, Man-Cheol and Lee, In-Won},
	title = {An improved subspace iteration method with shifting},
	journal = {Computer \& Structures},
	volume = {70},
	number = {6},
	year = {1999},
	pages = {625--633},
	issn = {0045-7949},
	doi = {10.1016/S0045-7949(98)00201-6},
}



@article{Jung1999b,
	author = {Jung, Hyung-Jo and Lee, In-Won},
	title = {An improved subspace iteration method with shift for structures with multiple natural frequencies},
	journal = {Journal of Sound and Vibration},
	volume = {227},
	number = {2},
	year = {1999},
	pages = {271--291},
	issn = {0022-460X},
	doi = {10.1006/jsvi.1999.2344},
}



@article{Kannan2014,
	author = {Kannan, Ramaseshan and Hendry, Stephen and Higham, Nicholas J. and Tisseur, Françoise},
	title = {Detecting the causes of ill-conditioning in structural finite element models},
	journal = {Computers \& Structures},
	volume = {133},
	year = {2014},
	pages = {79-89},
	issn = {0045-7949},
	doi = {10.1016/j.compstruc.2013.11.014},
	eprinttype = {mims}, eprint = {1997},
}



@phdthesis{Kaplan2001,
	author = {Kaplan, Matthew Frederick},
	title = {Implementation of Automated Multilevel Substructuring for Frequency Response Analysis of Structures},
	year = {2001},
	eprinttype = {hdl}, eprint = {2152/10611},
	school = {University of Texas at Austin},
	location = {Austin, TX, USA},
}



@article{Karypis1998,
	author = {Karypis, George and Kumar, Vipin},
	title = {A Fast and Highly Quality Multilevel Scheme for Partitioning Irregular Graphs},
	journal = {{SIAM} Journal on Scientific Computing},
	volume = {20},
	number = {1},
	year = {1998},
	pages = {359--392},
	issn = {1064-8275},
	doi = {10.1137/S1064827595287997},
}



@article{Klinvex2013,
	author = {Klinvex, Alicia and Saied, Faisal and Sameh, Ahmed},
	title = {Parallel implementations of the trace minimization scheme {TraceMIN} for the sparse symmetric eigenvalue problems},
	journal = {Computers \& Mathematics with Applications},
	volume = {65},
	number = {3},
	year = {2013},
	pages = {460--468},
	issn = {0898-1221},
	doi = {10.1016/j.camwa.2012.06.011},
}



@mvbook{Knuth1998,
	author = {Knuth, Donald Ervin},
	title = {Seminumerical Algorithms},
	maintitle = {The Art of Computer Programming},
	volume = {2},
	edition = {3},
	year = {1998},
	isbn = {0-201-89684-2},
	publisher = {Addison-Wesley},
	location = {Upper Saddle River, NJ, USA},
	note = {Twenty-fourth printing, June 2009},
}



@article{Knyazev2001,
	author = {Knyazev, Andrew V.},
	title = {Toward the Optimal Preconditioned Eigensolver},
	subtitle = {Locally Optimal Block Preconditioned Conjugate Gradient Method},
	journal = {{SIAM} Journal on Scientific Computing},
	volume = {23},
	number = {2},
	year = {2001},
	pages = {517--541},
	issn = {1064-8275},
	doi = {10.1137/S1064827500366124},
}



@book{Kreyszig2011,
	author = {Kreyszig, Erwin},
	title = {Advanced Engineering Mathematics},
	edition = {10},
	year = {2011},
	isbn = {978-0-470-45836-5},
	publisher = {Wiley},
	location = {Hoboken, NJ, USA},
}



@unpublished{Langou2006,
	author = {Langou, Julie and Langou, Julien and Luszczek, Piotr and Kurzak, Jakub and Buttari, Alfredo and Dongarra, Jack},
	title = {Exploiting the Performance of 32 bit Floating Point Arithmetic in Obtaining 64 bit Accuracy},
	subtitle = {Revisiting Iterative Refinement for Linear Systems},
	date = {2006-05-19},
	note = {ICL Friday Lunch Talk by Julie Langou},
	url = {http://icl.cs.utk.edu/projectsfiles/iter-ref/files/iter-ref.pdf},
}



@book{lapack,
	title = {{LAPACK} Users' Guide},
	series = {Software, Environments and Tools},
	editor = {Anderson, E. and Bai, Zhaojun and Bischof, C. and Blackford, L. Susan and Demmel, James and Dongarra, Jack and Du Croz, J. and Greenbaum, Anne and Hammarling, Sven and McKenney, A. and Sorensen, D.},
	year = {1999},
	isbn = {978-0-89871-447-0},
	doi = {10.1137/1.9780898719604},
	url = {http://www.netlib.org/lapack/lug},
	publisher = {Society for Industrial and Applied Mathematics},
	location = {Philadelphia, PA, USA},
}



@lawn{LAWN46,
	author = {Bai, Zhaojun and Demmel, James Waldon},
	title = {Computing the Generalized Singular Value Decomposition},
	year = {1992},
	number = {46},
}



@lawn{LAWN183,
	author = {Demmel, James Waldon and Marques, Osni A. and Parlett, Beresford Neill and Vömel, Christof},
	title = {Performance and Accuracy of {LAPACK}'s Symmetric Tridiagonal Eigensolvers},
	year = {2007},
	number = {183},
}



@article{Lemonnier2006,
	author = {Lemonnier, Damien and van Dooren, Paul},
	title = {Balancing Regular Matrix Pencils},
	journal = {{SIAM} Journal on Matrix Analysis and Applications},
	volume = {28},
	number = {1},
	year = {2006},
	pages = {253--263},
	issn = {0895-4798},
	doi = {10.1137/S0895479804440931},
}



@article{Li2011,
	author = {Li, Ren-Cang and Nakatsukasa, Yuji and Truhar, Ninoslav and Xu, Shufang},
	title = {Perturbation of Partitioned Hermitian Definite Generalized Eigenvalue Problems},
	journal = {{SIAM} Journal on Matrix Analysis and Applications},
	volume = {32},
	number = {2},
	year = {2011},
	pages = {642--663},
	issn = {0895-4798},
	doi = {10.1137/100808356},
	note = {See also erratum \cite{Li2011Erratum}},
}



@article{Li2011Erratum,
	author = {Li, Ren-Cang and Nakatsukasa, Yuji and Truhar, Ninoslav and Xu, Shufang},
	title = {Erratum: Perturbation of Partitioned Hermitian Definite Generalized Eigenvalue Problems},
	journal = {{SIAM} Journal on Matrix Analysis and Applications},
	volume = {34},
	number = {1},
	year = {2013},
	pages = {280--281},
	issn = {0895-4798},
	doi = {10.1137/120874795},
	note = {Erratum for \cite{Li2011}},
}



@article{Lipton1979,
	author = {Lipton, Richard J. and Rose, Donald J. and Tarjan, Robert Endre},
	title = {Generalized Nested Dissection},
	journal = {{SIAM} Journal on Numerical Analysis},
	volume = {16},
	number = {2},
	year = {1979},
	pages = {346--358},
	issn = {0036-1429},
	doi = {10.1137/0716027},
}



@collection{McCormick1994,
	editor = {McCormick, Stephen F.},
	title = {Multigrid Methods},
	series = {Frontiers in Applied Mathematics},
	year = {1994},
	isbn = {978-1-61197-188-0},
	doi = {10.1137/1.9781611971057},
	publisher = {Society for Industrial and Applied Mathematics},
	location = {Philadelphia, PA, USA},
	note = {Second printing},
}



@article{Mehl2015,
	author = {Mehl, Christian and Mehrmann, Volker and Wojtylak, Michał},
	title = {On the Distance to Singularity via Low Rank Perturbations},
	journal = {Operators and Matrices},
	volume = {9},
	number = {4},
	year = {2015},
	pages = {733--772},
	issn = {1846-3886},
	doi = {10.7153/oam-09-44},
}



@article{Mehrmann2015,
	author = {Mehrmann, Volker and Xu, Hongguo},
	title = {Structure preserving deflation of infinite eigenvalues in structured pencils},
	journal = {Electronic Transactions on Numerical Analysis},
	volume = {44},
	year = {2015},
	pages = {1--24},
	issn = {1068-9613},
	url = {http://etna.mcs.kent.edu/volumes/2011-2020/vol44/},
}



@article{Nakatsukasa2010,
	author = {Nakatsukasa, Yuji},
	title = {Absolute and realtive Weyl theorems for generalized eigenvalue problems},
	journal = {Linear Algebra and its Applications},
	volume = {432},
	year = {2010},
	pages = {242--248},
	issn = {0024-3795},
	doi = {10.1016/j.laa.2009.08.001},
}



@article{Nakatsukasa2012,
	author = {Nakatsukasa, Yuji},
	title = {On the condition numbers of a multiple eigenvalue of a generalized eigenvalue problem},
	journal = {Numerische Mathematik},
	volume = {121},
	number = {3},
	year = {2012},
	pages = {531--544},
	issn = {0029-599X},
	doi = {10.1007/s00211-011-0440-x},
}



@incollection{Nochetto2009,
	author = {Nochetto, Ricardo H. and Siebert, Kunibert G. and Veeser, Andreas},
	title = {Theory of adaptive finite element methods},
	subtitle = {An introduction},
	booktitle = {Multiscale, Nonlinear and Adaptive Approximation},
	editor = {DeVore, R. and Kunoth, A.},
	year = {2009},
	pages = {409--542},
	isbn = {978-3-642-03412-1},
	doi = {10.1007/978-3-642-03413-8_12},
	publisher = {Springer-Verlag},
	location = {Berlin, Germany},
}



@book{Oberkampf2010,
	author = {Oberkampf, William L. and Roy, Christoper J.},
	title = {Verification and Validation in Scientific Computing},
	year = {2010},
	isbn = {978-0-521-11360-1},
	publisher = {Cambridge University Press},
	location = {New York, NY, USA},
}



@book{Pahl2007,
	author = {Pahl, Gerhard and Beitz, Wolfgang and Feldhusen, Jörg and Grote, Karl-Heinrich},
	title = {{P}ahl/{B}eitz Konstruktionslehre},
	subtitle = {Grundlagen erfolgreicher Produktentwicklung. Methoden und Anwendung},
	edition = {7},
	year = {2007},
	isbn = {978-3-540-34060-7},
	doi = {10.1007/978-3-540-34061-4},
	publisher = {Springer},
	location = {Berlin, Germany},
	language = {german},
}



@article{Parlett1974,
	author = {Parlett, Neill Beresford},
	title = {The Rayleigh Quotient Iteration and Some Generalizations for Nonnormal Matrices},
	journal = {Mathematics of Computation},
	volume = {28},
	number = {127},
	year = {1974},
	pages = {679--693},
	issn = {0025-5718},
	doi = {10.2307/2005689},
}



@book{Parlett1998,
	author = {Beresford Neill Parlett},
	title = {The Symmetric Eigenvalue Problem},
	series = {Classics in Applied Mathematics},
	number = {20},
	year = {1998},
	isbn = {978-0-89871-402-9},
	doi = {10.1137/1.9781611971163},
	publisher = {Society for Industrial and Applied Mathematics},
	location = {Philadelphia, PA, USA},
}



@article{Polizzi2009,
	author = {Polizzi, Eric},
	title = {Density-matrix based algorithm for solving eigenvalue problems},
	journal = {Physical Review B},
	volume = {79},
	number = {11--15},
	year = {2009},
	pages = {115112},
	issn = {1098-0121},
	doi = {10.1103/PhysRevB.79.115112},
}



@article{Roosta-Khorasani2015,
	author = {Roosta-Khorasani, Farbod and Ascher, Uri},
	title = {Improved bounds on sample size for implicit matrix trace estimators},
	journal = {Foundations of Computational Mathematics},
	volume = {15},
	number = {5},
	year = {2015},
	eprinttype = {arxiv},
	eprintclass = {cs.NA},
	eprint = {1308.2475},
	doi = {10.1007/s10208-014-9220-1},
}



@article{Rozloznik2012,
	author = {Rozložník, Miroslav and Tůma, Miroslav and Smoktunowicz, Alicja and Kopal, Jiří},
	title = {Numerical stability of orthogonalization methods with a non-standard inner product},
	journal = {{BIT} Numerical Mathematics},
	volume = {52},
	number = {4},
	year = {2012},
	pages = {1035--1058},
	issn = {0006-3835},
	doi = {10.1007/s10543-012-0398-9},
}



@book{Saad2011,
	author = {Saad, Yousef},
	title = {Numerical Methods for Large Eigenvalue Problems},
	subtitle = {Revised Edition},
	series = {Classics in Applied Mathematics},
	number = {66},
	year = {2011},
	isbn = {978-1-61197-072-2},
	doi = {10.1137/1.9781611970739},
	publisher = {Society for Industrial and Applied Mathematics},
	location = {Philadelphia, PA, USA},
}



@misc{Saibaba2016,
	author = {Saibaba, Arvind K. and Alexanderian, Alen and Ipsen, Ilse C.F.},
	title = {Randomized Matrix-free Trace and Log-Determinant Estimators},
	year = {2016},
	eprinttype = {arxiv},
	eprintclass = {math.NA},
	eprint = {1605.04893},
	school = {North Carolina State University},
	location = {Raleigh, NC, USA},
}



@book{Scott2009,
	author = {Scott, Michael Lee},
	title = {Programming Language Pragmatics},
	edition = {3},
	year = {2009},
	isbn = {978-0-12-374514-9},
	publisher = {Morgan Kaufmann Publishers},
	location = {Boston, MA, USA},
}



@book{Sedgewick1998,
	author = {Sedgewick, Robert},
	title = {Algorithms in C++},
	subtitle = {Parts 1--4: Fundamentals, Data Structures, Sorting, Searching},
	edition = {3},
	year = {1998},
	isbn = {978-0-201-35088-3},
	publisher = {Addison-Wesley},
	location = {Boston, MA, USA},
	note = {17th printing, December 2006},
}



@book{Sedgewick2002,
	author = {Sedgewick, Robert},
	title = {Algorithms in C++},
	subtitle = {Part 5: Graph Algorithms},
	edition = {3},
	year = {2002},
	isbn = {978-0-201-35118-6},
	publisher = {Addison-Wesley},
	location = {Boston, MA, USA},
	note = {8th printing, November 2006},
}



@book{Smith1996,
	author = {Smith, Barry F. and Bj{\o}rstad, Petter E. and Gropp, William D.},
	title = {Domain Decomposition},
	subtitle = {Parallel Multilevel Methods for Elliptic Partial Differential Equations},
	year = {1996},
	isbn = {978-0-521-49589-9},
	publisher = {Cambridge University Press},
	location = {New York, NY, USA},
}



@incollection{Smith1997,
	author = {Smith, Barry F.},
	title = {Domain Decomposition Methods for Partial Differential Equations},
	booktitle = {Parallel Numerical Algorithms},
	series = {{ICASE/LaRC} Interdisciplinary Series in Science and Engineering},
	number = {4},
	editor = {Keyes, David E. and Sameh, Ahmed and Venkatakrishnan, V.},
	year = {1997},
	pages = {225--243},
	isbn = {978-94-010-6277-0},
	doi = {10.1007/978-94-011-5412-3_8},
	publisher = {Springer-Verlag},
	location = {Berlin, Germany},
}



@book{Stewart2001,
	author = {Stewart, Gilbert Wright},
	maintitle = {Matrix Algorithms},
	title = {Eigensystems},
	volume = {2},
	year = {2001},
	isbn = {978-0-898714-14-2},
	publisher = {Society for Industrial and Applied Mathematics},
	location = {Philadelphia, PA, USA},
}



@book{Strang1973,
	author = {Strang, Gilbert and Fix, George Joseph},
	title = {An Analysis of the Finite Element Method},
	series = {Prentice-Hall Series in Automatic Computation},
	year = {1973},
	isbn = {0-13-032946-0},
	publisher = {Prentice-Hall},
	location = {Englewood Cliffs, NJ, USA},
}



@techreport{Stathopoulos2005,
	author = {Stathopoulos, Andreas},
	title = {Locking issues for finding a large number of eigenvectors of hermitian matrices},
	number = {WM-CS-2005-09},
	year = {2005},
	institution = {College of William \& Mary},
	location = {Williamsburg, VA, USA},
	note = {Revised June 2006},
}



@article{superLU,
    author = {Li, Xiaoye S.},
    title = {An Overview of {SuperLU}},
	subtitle = {Algorithms, Implementation, and User Interface},
    journal = {{ACM} Transactions on Mathematical Software},
    volume = {31},
    number = {3},
    year = {2005},
	issn = {0098-3500},
    pages = {302--325},
	doi = {10.1145/1089014.1089017},
}



@article{Sutton2009,
	author = {Sutton, Brian D.},
	title = {Computing the complete {CS} decomposition},
	journal = {Numerical Algorithms},
	volume = {50},
	number = {1},
	year = {2009},
	pages = {33--65},
	issn = {1017-1398},
	doi = {10.1007/s11075-008-9215-6},
}



@article{Sutton2012,
	author = {Sutton, Brian D.},
	title = {Stable Computation of the {CS} Decomposition},
	subtitle = {Simultaneous Bidiagonalization},
	journal = {{SIAM} Journal on Matrix Analysis and Applications},
	volume = {33},
	number = {1},
	year = {2012},
	pages = {1--21},
	issn = {0895-4798},
	doi = {10.1137/100813002},
}



@phdthesis{Taslaman2014,
	author = {Taslaman, Leo},
	title = {Algorithms and Theory for Polynomial Eigenvalue Problems},
	year = {2014},
	eprinttype = {mims}, eprint = {2237},
	school = {The University of Manchester},
	location = {Manchester, UK},
}



@article{Taslaman2015,
	author = {Taslaman, Leo},
	title = {An Algorithm for Quadratic Eigenproblems with Low Rank Damping},
	journal = {{SIAM} Journal on Matrix Analysis and Applications},
	volume = {36},
	number = {1},
	year = {2015},
	issn = {0895-4798},
	pages = {251--272},
	doi = {10.1137/140969099},
}



@book{templates,
	title = {Templates for the Solution of Algebraic Eigenvalue Problems},
	subtitle = {A Practical Guide},
	series = {Software, Environments and Tools},
	editor = {Bai, Zhaojun and Demmel, James and Dongarra, Jack and Ruhe, Axel and van der Vorst, Henk},
	year = {2000},
	isbn = {978-0-89871-471-5},
	doi = {10.1137/1.9780898719581},
	url = {http://web.cs.ucdavis.edu/~bai/ET/contents.html},
	publisher = {Society for Industrial and Applied Mathematics},
	location = {Philadelphia, PA, USA},
}



@article{Tisseur2004,
	author = {Tisseur, Françoise},
	title = {Tridiagonal-Diagonal Reduction of Symmetric Indefinite Pairs},
	journal = {{SIAM} Journal on Matrix Analysis And Applications},
	volume = {26},
	number = {1},
	year = {2004},
	issn = {0895-4798},
	pages = {215--232},
	doi = {10.1137/S0895479802414783},
	eprinttype = {mims}, eprint = {467},
}



@article{UFLSparseMatrixCollection,
	author = {Davis, Tim A. and Hu, Yifan},
	title = {The University of Florida Sparse Matrix Collection},
	journal = {{ACM} Transactions on Mathematical Software},
	volume = {38},
	number = {1},
	year = {2011},
	issn = {0098-3500},
	pages = {1:1--1:25},
	doi = {10.1145/2049662.2049663},
}



@standard{VDI2221,
	number = {VDI 2221},
	title = {Methodik zum Entwickeln und Konstruieren technischer Systeme und Produkte},
	month = {may},
	year = {1993},
	language = {german},
}



@article{Ward1981,
	author = {Ward, Robert C.},
	title = {Balancing the Generalized Eigenvalue Problem},
	journal = {{SIAM} Journal on Scientific and Statistical Computing},
	volume = {2},
	number = {2},
	year = {1981},
	issn = {0196-5204},
	pages = {141--152},
	doi = {10.1137/0902012},
}



@article{Weisse2006,
	author = {Weiße, Alexander and Wellein, Gerhard and Alverman, Andreas and Fehske, Holger},
	title = {The kernel polynomial method},
	journal = {Reviews of Modern Physics},
	volume = {78},
	number = {275},
	year = {2006},
	eprinttype = {arxiv},
	eprint = {cond-mat/0504627},
	doi = {10.1103/RevModPhys.78.275},
}



@article{Yang2005,
	author = {Yang, Chao and Gao, Weiguo and Bai, Zhaojun and Li, Xiaoye S. and Lee, Lie-Quan and Husbands, Parry and Ng, Esmond G.},
	title = {An Algebraic Substructuring Method for Large-Scale Eigenvalue Calculation},
	journal = {{SIAM} Journal on Scientific Computing},
	volume = {27},
	number = {3},
	year = {2005},
	issn = {1064-8275},
	pages = {873--892},
	doi = {10.1137/040613767},
}



@article{Yin2013,
	author = {Yin, Jiacong and Voss, Heinrich and Chen, Pu},
	title = {Improving eigenpairs of automated multilevel substructuring with subspace iterations},
	journal = {Computers \& Structures},
	volume = {119},
	year = {2013},
	issn = {0045-7949},
	pages = {115--124},
	doi = {10.1016/j.compstruc.2013.01.004},
}
